@ARTICLE{Rosebrock15,
    author = {Adrian Rosebrock},
    title = {Pedestrian Detection {OpenCV}},
    journal = {pyimagesearch},
    year = {2015},
    url = {\url{http://www.pyimagesearch.com/2015/11/09/pedestrian-detection-opencv/}}
}
